@Misc{SciPy_package,
  author = "Eric Jones and Travis Oliphant and Pearu Peterson and others",
  title = "{SciPy}: Open source scientific tools for {Python}",
  year = "2001--",
  url = "http://www.scipy.org/"
}

@article{Python_computing_1,
   author = "Oliphant, Travis E.",
   title = "Python for Scientific Computing",
   journal = "Computing in Science \& Engineering",
   year = "2007",
   volume = "9",
   number = "3", 
   pages = "10-20",
   url = "http://scitation.aip.org/content/aip/journal/cise/9/3/10.1109/MCSE.2007.58",
   doi = "http://dx.doi.org/10.1109/MCSE.2007.58" 
}

@article{Python_computing_2,
   author = "Millman, K. Jarrod and Aivazis, Michael",
   title = "Python for Scientists and Engineers",
   journal = "Computing in Science \& Engineering",
   year = "2011",
   volume = "13",
   number = "2", 
   pages = "9-12",
   url = "http://scitation.aip.org/content/aip/journal/cise/13/2/10.1109/MCSE.2011.36",
   doi = "http://dx.doi.org/10.1109/MCSE.2011.36" 
}

@article{Cython,
   author = "Behnel, Stefan and Bradshaw, Robert and Citro, Craig and Dalcin, Lisandro and Seljebotn, Dag Sverre and Smith, Kurt",
   title = "Cython: The Best of Both Worlds",
   journal = "Computing in Science \& Engineering",
   year = "2011",
   volume = "13",
   number = "2", 
   pages = "31-39",
   url = "http://scitation.aip.org/content/aip/journal/cise/13/2/10.1109/MCSE.2010.118",
   doi = "http://dx.doi.org/10.1109/MCSE.2010.118" 
}

@article{NumPy,
   author = "Walt, Stéfan van der and Colbert, S. Chris and Varoquaux, Gaël",
   title = "The NumPy Array: A Structure for Efficient Numerical Computation",
   journal = "Computing in Science \& Engineering",
   year = "2011",
   volume = "13",
   number = "2", 
   pages = "22-30",
   url = "http://scitation.aip.org/content/aip/journal/cise/13/2/10.1109/MCSE.2011.37",
   doi = "http://dx.doi.org/10.1109/MCSE.2011.37" 
}

@article{Matplotlib,
   author = "Hunter, John D.",
   title = "Matplotlib: A 2D Graphics Environment",
   journal = "Computing in Science \& Engineering",
   year = "2007",
   volume = "9",
   number = "3", 
   pages = "90-95",
   url = "http://scitation.aip.org/content/aip/journal/cise/9/3/10.1109/MCSE.2007.55",
   doi = "http://dx.doi.org/10.1109/MCSE.2007.55" 
}

@article{Luitz15,
  title = "Many-body localization edge in the random-field Heisenberg chain",
  author = "Luitz, David J. and Laflorencie, Nicolas and Alet, Fabien",
  journal = "Phys. Rev. B",
  volume = "91",
  issue = "8",
  pages = "081103",
  numpages = "5",
  year = "2015",
  month = "Feb",
  publisher = "American Physical Society",
  doi = "10.1103/PhysRevB.91.081103",
  url = "http://link.aps.org/doi/10.1103/PhysRevB.91.081103"
}


@article{bukov_SW,
  title = {Schrieffer-Wolff Transformation for Periodically Driven Systems: Strongly Correlated Systems with Artificial Gauge Fields},
  author = {Bukov, Marin and Kolodrubetz, Michael and Polkovnikov, Anatoli},
  journal = {Phys. Rev. Lett.},
  volume = {116},
  issue = {12},
  pages = {125301},
  numpages = {6},
  year = {2016},
  month = {Mar},
  publisher = {American Physical Society},
  doi = {10.1103/PhysRevLett.116.125301},
  url = {http://link.aps.org/doi/10.1103/PhysRevLett.116.125301}
}

@article{bukov_review,
author = "Marin Bukov and Luca D'Alessio and Anatoli Polkovnikov",
title = "Universal high-frequency behavior of periodically driven systems: from dynamical stabilization to Floquet engineering",
journal = "Advances in Physics",
volume = "64",
number = "2",
pages = "139-226",
year = "2015",
doi = "10.1080/00018732.2015.1055918",
URL = "http://dx.doi.org/10.1080/00018732.2015.1055918",
eprint = "http://dx.doi.org/10.1080/00018732.2015.1055918"
}

@article{bukov_Heating,
  title = "Heating and many-body resonances in a periodically driven two-band system",
  author = "Bukov, Marin and Heyl, Markus and Huse, David A. and Polkovnikov, Anatoli",
  journal = "Phys. Rev. B",
  volume = "93",
  issue = "15",
  pages = "155132",
  numpages = "16",
  year = "2016",
  month = "Apr",
  publisher = "American Physical Society",
  doi = "10.1103/PhysRevB.93.155132",
  url = "http://link.aps.org/doi/10.1103/PhysRevB.93.155132"
}

@article{anders10,
   author = "Sandvik, Anders W.",
   title = "Computational Studies of Quantum Spin Systems",
   journal = "AIP Conference Proceedings",
   year = "2010",
   volume = "1297",
   number = "1", 
   pages = "135-338",
   url = "http://scitation.aip.org/content/aip/proceeding/aipcp/10.1063/1.3518900",
   doi = "http://dx.doi.org/10.1063/1.3518900" 
}


@article{weinberg_FAPT,
  title={Adiabatic Perturbation Theory and Geometry of Periodically-Driven Systems},
  author={Weinberg, Phillip and Bukov, Marin and D'Alessio, Luca and Polkovnikov, Anatoli and Vajna, Szabolcs and Kolodrubetz, Michael},
  journal={arXiv preprint arXiv:1606.02229},
  url = "http://arxiv.orgs/1606.02229/",
  year={2016}
}

@article{Schreiber15,
	author = "Schreiber, Michael and Hodgman, Sean S. and Bordia, Pranjal and L{\"u}schen, Henrik P. and Fischer, Mark H. and Vosk, Ronen and Altman, Ehud and Schneider, Ulrich and Bloch, Immanuel",
	title = "Observation of many-body localization of interacting fermions in a quasirandom optical lattice",
	volume = "349",
	number = "6250",
	pages = "842--845",
	year = "2015",
	doi = "10.1126/science.aaa7432",
	publisher = "American Association for the Advancement of Science",
	issn = "0036-8075",
	URL = "http://science.sciencemag.org/content/349/6250/842",
	eprint = "http://science.sciencemag.org/content/349/6250/842.full.pdf",
	journal = "Science"
}

@article{dolfi14,
	title = "Matrix product state applications for the \{ALPS\} project ",
	journal = "Computer Physics Communications ",
	volume = "185",
	number = "12",
	pages = "3430 - 3440",
	year = "2014",
	note = "",
	issn = "0010-4655",
	doi = "http://dx.doi.org/10.1016/j.cpc.2014.08.019",
	url = "http://www.sciencedirect.com/science/article/pii/S0010465514003002",
	author = "Michele Dolfi and Bela Bauer and Sebastian Keller and Alexandr Kosenkov and Timothée Ewart and Adrian Kantian and Thierry Giamarchi and Matthias Troyer",
}

@article{alet05,
	author = "F. Alet and  P. Dayal and  A. Grzesik and  A. Honecker and  M. Körner and  A. Läuchli and  S. R. Manmana and  I. P. McCulloch and  F. Michel and  R. M. Noack and  G. Schmid and  U. Schollwöck and  F. Stöckli and  S. Todo and  S. Trebst and  M. Troyer and  P. Werner and  S. Wessel",
	title = "The ALPS Project: Open Source Software for Strongly Correlated Systems",
	journal = "Journal of the Physical Society of Japan",
	volume = "74",
	number = "Suppl",
	pages = "30-35",
	year = "2005",
	doi = "10.1143/JPSJS.74S.30",
	URL = "http://dx.doi.org/10.1143/JPSJS.74S.30",
	eprint = " http://dx.doi.org/10.1143/JPSJS.74S.30"
}

@article{albuquerque2007,
	title = "The \{ALPS\} project release 1.3: Open-source software for strongly correlated systems ",
	journal = "Journal of Magnetism and Magnetic Materials ",
	volume = "310",
	number = "2, Part 2",
	pages = "1187 - 1193",
	year = "2007",
	note = "Proceedings of the 17th International Conference on MagnetismThe International Conference on Magnetism ",
	issn = "0304-8853",
	doi = "http://dx.doi.org/10.1016/j.jmmm.2006.10.304",
	url = "http://www.sciencedirect.com/science/article/pii/S0304885306014983",
	author = "A.F. Albuquerque and F. Alet and P. Corboz and P. Dayal and A. Feiguin and S. Fuchs and L. Gamper and E. Gull and S. Gürtler and A. Honecker and R. Igarashi and M. Körner and A. Kozhevnikov and A. Läuchli and S.R. Manmana and M. Matsumoto and I.P. McCulloch and F. Michel and R.M. Noack and G. Pawłowski and L. Pollet and T. Pruschke and U. Schollwöck and S. Todo and S. Trebst and M. Troyer and P. Werner and S. Wessel",
}

@article{bauer11,
	author="B Bauer and L D Carr and H G Evertz and A Feiguin and J Freire and S Fuchs and L Gamper and J Gukelberger and E Gull and S Guertler and A
	Hehn and R Igarashi and S V Isakov and D Koop and P N Ma and P Mates and H Matsuo and O Parcollet and G Paw?owski and J D Picon and L
	Pollet and E Santos and V W Scarola and U Schollw?ck and C Silva and B Surer and S Todo and S Trebst and M Troyer and M L Wall and P
	Werner and S Wessel",
	title="The ALPS project release 2.0: open source software for strongly correlated systems",
	journal="Journal of Statistical Mechanics: Theory and Experiment",
	volume="2011",
	number="05",
	pages="P05001",
	url="http://stacks.iop.org/1742-5468/2011/i=05/a=P05001",
	year="2011",
}

@Misc{ITensor,
	author = "E. Miles Stoudenmire and Steven R. White and others ",
	title = "{ITensor}: C\texttt{++} library for implementing tensor product wavefunction calculations",
	year = "2011--",
	url = "http://itensor.org/index.html"
}

@article{johansson2013,
	title = "QuTiP 2: A Python framework for the dynamics of open quantum systems ",
	journal = "Computer Physics Communications ",
	volume = "184",
	number = "4",
	pages = "1234 - 1240",
	year = "2013",
	note = "",
	issn = "0010-4655",
	doi = "http://dx.doi.org/10.1016/j.cpc.2012.11.019",
	url = "http://www.sciencedirect.com/science/article/pii/S0010465512003955",
	author = "J.R. Johansson and P.D. Nation and Franco Nori"
}

@article{johansson2012,
	title = "QuTiP: An open-source Python framework for the dynamics of open quantum systems ",
	journal = "Computer Physics Communications ",
	volume = "183",
	number = "8",
	pages = "1760 - 1772",
	year = "2012",
	note = "",
	issn = "0010-4655",
	doi = "http://dx.doi.org/10.1016/j.cpc.2012.02.021",
	url = "http://www.sciencedirect.com/science/article/pii/S0010465512000835",
	author = "J.R. Johansson and P.D. Nation and Franco Nori"
}


@article{schrieffer_66,
	title = {Relation between the Anderson and Kondo Hamiltonians},
	author = {Schrieffer, J. R. and Wolff, P. A.},
	journal = {Phys. Rev.},
	volume = {149},
	issue = {2},
	pages = {491--492},
	numpages = {0},
	year = {1966},
	month = {Sep},
	publisher = {American Physical Society},
	doi = {10.1103/PhysRev.149.491},
	url = {http://link.aps.org/doi/10.1103/PhysRev.149.491}
}

@article{bravyi_11,
	title = "Schrieffer–Wolff transformation for quantum many-body systems ",
	journal = "Annals of Physics ",
	volume = "326",
	number = "10",
	pages = "2793 - 2826",
	year = "2011",
	note = "",
	issn = "0003-4916",
	doi = "http://dx.doi.org/10.1016/j.aop.2011.06.004",
	url = "http://www.sciencedirect.com/science/article/pii/S0003491611001059",
	author = "Sergey Bravyi and David P. DiVincenzo and Daniel Loss"
}

@article{bukov_14,
	author = {Marin Bukov and Luca D'Alessio and Anatoli Polkovnikov},
	title = {Universal high-frequency behavior of periodically driven systems: from dynamical stabilization to Floquet engineering},
	journal = {Advances in Physics},
	volume = {64},
	number = {2},
	pages = {139-226},
	year = {2015},
	doi = {10.1080/00018732.2015.1055918},
	URL = {http://dx.doi.org/10.1080/00018732.2015.1055918},
	eprint = { http://dx.doi.org/10.1080/00018732.2015.1055918}
}

@article{goldman_14,
	title = {Periodically Driven Quantum Systems: Effective Hamiltonians and Engineered Gauge Fields},
	author = {Goldman, N. and Dalibard, J.},
	journal = {Phys. Rev. X},
	volume = {4},
	issue = {3},
	pages = {031027},
	numpages = {29},
	year = {2014},
	month = {Aug},
	publisher = {American Physical Society},
	doi = {10.1103/PhysRevX.4.031027},
	url = {http://link.aps.org/doi/10.1103/PhysRevX.4.031027}
}

@article{wright_13,
	title={DiracQ: A Quantum Many-Body Physics Package},
	author={John G. Wright and B. Sriram Shastry},
	journal={arXiv preprint arXiv:1301.4494},
	url = "http://arxiv.orgs/1301.4494/",
	year={2013}
}

@article{basko_06,
	title = "Metal–insulator transition in a weakly interacting many-electron system with localized single-particle states ",
	journal = "Annals of Physics ",
	volume = "321",
	number = "5",
	pages = "1126 - 1205",
	year = "2006",
	note = "",
	issn = "0003-4916",
	doi = "http://dx.doi.org/10.1016/j.aop.2005.11.014",
	url = "http://www.sciencedirect.com/science/article/pii/S0003491605002630",
	author = "D.M. Basko and I.L. Aleiner and B.L. Altshuler"
}

@article{gornyi_05,
	title = {Interacting Electrons in Disordered Wires: Anderson Localization and Low-$T$ Transport},
	author = {Gornyi, I. V. and Mirlin, A. D. and Polyakov, D. G.},
	journal = {Phys. Rev. Lett.},
	volume = {95},
	issue = {20},
	pages = {206603},
	numpages = {4},
	year = {2005},
	month = {Nov},
	publisher = {American Physical Society},
	doi = {10.1103/PhysRevLett.95.206603},
	url = {http://link.aps.org/doi/10.1103/PhysRevLett.95.206603}
}

@Article{imbrie_16,
	author="Imbrie, John Z.",
	title="On Many-Body Localization for Quantum Spin Chains",
	journal="Journal of Statistical Physics",
	year="2016",
	volume="163",
	number="5",
	pages="998--1048",
	abstract="For a one-dimensional spin chain with random local interactions, we prove that many-body localization follows from a physically reasonable assumption that limits the amount of level attraction in the system. The construction uses a sequence of local unitary transformations to diagonalize the Hamiltonian and connect the exact many-body eigenfunctions to the original basis vectors.",
	issn="1572-9613",
	doi="10.1007/s10955-016-1508-x",
	url="http://dx.doi.org/10.1007/s10955-016-1508-x"
}

@article{oganesyan_07,
	title = {Localization of interacting fermions at high temperature},
	author = {Oganesyan, Vadim and Huse, David A.},
	journal = {Phys. Rev. B},
	volume = {75},
	issue = {15},
	pages = {155111},
	numpages = {5},
	year = {2007},
	month = {Apr},
	publisher = {American Physical Society},
	doi = {10.1103/PhysRevB.75.155111},
	url = {http://link.aps.org/doi/10.1103/PhysRevB.75.155111}
}

@article{pal_16,
	title = {Many-body localization phase transition},
	author = {Pal, Arijeet and Huse, David A.},
	journal = {Phys. Rev. B},
	volume = {82},
	issue = {17},
	pages = {174411},
	numpages = {7},
	year = {2010},
	month = {Nov},
	publisher = {American Physical Society},
	doi = {10.1103/PhysRevB.82.174411},
	url = {http://link.aps.org/doi/10.1103/PhysRevB.82.174411}
}

@article{vosk_13,
	title = {Many-Body Localization in One Dimension as a Dynamical Renormalization Group Fixed Point},
	author = {Vosk, Ronen and Altman, Ehud},
	journal = {Phys. Rev. Lett.},
	volume = {110},
	issue = {6},
	pages = {067204},
	numpages = {5},
	year = {2013},
	month = {Feb},
	publisher = {American Physical Society},
	doi = {10.1103/PhysRevLett.110.067204},
	url = {http://link.aps.org/doi/10.1103/PhysRevLett.110.067204}
}

@article{nandkishore_15,
	author = {Rahul Nandkishore and David A. Huse},
	title = {Many-Body Localization and Thermalization in Quantum Statistical Mechanics},
	journal = {Annual Review of Condensed Matter Physics},
	volume = {6},
	number = {1},
	pages = {15-38},
	year = {2015},
	doi = {10.1146/annurev-conmatphys-031214-014726},
	URL = {http://dx.doi.org/10.1146/annurev-conmatphys-031214-014726},
	eprint = {http://dx.doi.org/10.1146/annurev-conmatphys-031214-014726}
}

@article{khemani_15,
	author = {Vedika Khemani and Rahul Nandkishore and Sondhi, S. L.},
	title = {Nonlocal adiabatic response of a localized system to local manipulations},
	journal = {Nature Physics},
	volume = {11},
	pages = {560-565},
	year = {2015},
	doi = {10.1038/nphys3344},
	url = {http://www.nature.com/nphys/journal/v11/n7/abs/nphys3344.html}
}

%%% experiments on MBL

@article{ovadia_15,
	author = {Ovadia, M. and Kalok, D. and Tamir, I. and Mitra,  S. and Sac\'ep\'e, B. and Shahar, D.},
	title = {Evidence for a Finite-Temperature Insulator},
	journal = {Scientific Reports},
	volume = {5},
	pages = {13503},
	year = {2015},
	doi = {10.1038/srep13503},
	url = {http://www.nature.com/articles/srep13503}
}

@article{bordia_16,
	title = {Coupling Identical one-dimensional Many-Body Localized Systems},
	author = {Bordia, Pranjal and L\"uschen, Henrik P. and Hodgman, Sean S. and Schreiber, Michael and Bloch, Immanuel and Schneider, Ulrich},
	journal = {Phys. Rev. Lett.},
	volume = {116},
	issue = {14},
	pages = {140401},
	numpages = {6},
	year = {2016},
	month = {Apr},
	publisher = {American Physical Society},
	doi = {10.1103/PhysRevLett.116.140401},
	url = {http://link.aps.org/doi/10.1103/PhysRevLett.116.140401}
}

@article{smith_16,
	author = {Smith,J. and Lee, A. and Richerme, P. and Neyenhuis, B. and Hess, P. W. and Hauke, P. and Heyl, M. and Huse, D. A.	and Monroe, C.},
	title = {Many-body localization in a quantum simulator with programmable random disorder},
	journal = {Nature Physics},
	volume = {12},
	pages = {907–911},
	year = {2016},
	doi = {10.1038/nphys3783},
	url = {http://www.nature.com/nphys/journal/v12/n10/full/nphys3783.html}
}

@article {choi_16,
	author = {Choi, Jae-yoon and Hild, Sebastian and Zeiher, Johannes and Schau{\ss}, Peter and Rubio-Abadal, Antonio and Yefsah, Tarik and Khemani, Vedika and Huse, David A. and Bloch, Immanuel and Gross, Christian},
	title = {Exploring the many-body localization transition in two dimensions},
	volume = {352},
	number = {6293},
	pages = {1547--1552},
	year = {2016},
	doi = {10.1126/science.aaf8834},
	publisher = {American Association for the Advancement of Science},
	issn = {0036-8075},
	URL = {http://science.sciencemag.org/content/352/6293/1547},
	eprint = {http://science.sciencemag.org/content/352/6293/1547.full.pdf},
	journal = {Science}
}
