@article{bukov2018reinforcement,
	title = {Reinforcement learning for autonomous preparation of Floquet-engineered states: Inverting the quantum Kapitza oscillator},
	author = {Bukov, Marin},
	journal = {Phys. Rev. B},
	volume = {98},
	issue = {22},
	pages = {224305},
	numpages = {16},
	year = {2018},
	month = {Dec},
	publisher = {American Physical Society},
	doi = {10.1103/PhysRevB.98.224305},
	url = {https://link.aps.org/doi/10.1103/PhysRevB.98.224305}
}


@article{naeger2018parametric,
	title={Parametric instabilities of interacting bosons in periodically-driven 1D optical lattices},
	author={N\"ager, J. and Wintersperger, K. and Bukov, M. and Lellouch, S. and Demler, E. and Schneider, U. and Bloch, I. and Goldman, N. and Aidelsburger, M. 
	},
	journal={arXiv preprint arXiv:1808.07462},
	year={2018},
	url={https://arxiv.org/abs/1808.07462}
}


@article{boulier2018parametric,
	title = {Parametric Heating in a 2D Periodically Driven Bosonic System: Beyond the Weakly Interacting Regime},
	author = {Boulier, T. and Maslek, J. and Bukov, M. and Bracamontes, C. and Magnan, E. and Lellouch, S. and Demler, E. and Goldman, N. and Porto, J. V.},
	journal = {Phys. Rev. X},
	volume = {9},
	issue = {1},
	pages = {011047},
	numpages = {15},
	year = {2019},
	month = {Mar},
	publisher = {American Physical Society},
	doi = {10.1103/PhysRevX.9.011047},
	url = {https://link.aps.org/doi/10.1103/PhysRevX.9.011047}
}


@article{polkovnikov2010phase,
	title={Phase space representation of quantum dynamics},
	author={Polkovnikov, Anatoli},
	journal={Annals of Physics},
	volume={325},
	number={8},
	pages={1790--1852},
	year={2010},
	publisher={Elsevier},
	url={https://www.sciencedirect.com/science/article/pii/S0003491610000382?via%3Dihub}
}


@book{sulem2007nonlinear,
	title={The nonlinear Schr{\"o}dinger equation: self-focusing and wave collapse},
	author={Sulem, Catherine and Sulem, Pierre-Louis},
	volume={139},
	year={2007},
	publisher={Springer Science \& Business Media}
}

@article{dalfovo_99,
	title = {Theory of Bose-Einstein condensation in trapped gases},
	author = {Dalfovo, Franco and Giorgini, Stefano and Pitaevskii, Lev P. and Stringari, Sandro},
	journal = {Rev. Mod. Phys.},
	volume = {71},
	issue = {3},
	pages = {463--512},
	numpages = {0},
	year = {1999},
	month = {Apr},
	publisher = {American Physical Society},
	doi = {10.1103/RevModPhys.71.463},
	url = {https://link.aps.org/doi/10.1103/RevModPhys.71.463}
}


@article{asboth2016short,
	title={A Short Course on Topological Insulators},
	author={Asb{\'o}th, J{\'a}nos K and Oroszl{\'a}ny, L{\'a}szl{\'o} and P{\'a}lyi, Andr{\'a}s},
	journal={Lecture Notes in Physics},
	volume={919},
	year={2016},
	publisher={Springer},
	url={https://arxiv.org/abs/1509.02295}
}



@article{SSH_2_E,
	title = {Erratum: Soliton excitations in polyacetylene},
	author = {Su, W. P. and Schrieffer, J. R. and Heeger, A. J.},
	journal = {Phys. Rev. B},
	volume = {28},
	issue = {2},
	pages = {1138--1138},
	numpages = {0},
	year = {1983},
	month = {Jul},
	publisher = {American Physical Society},
	doi = {10.1103/PhysRevB.28.1138},
	url = {https://link.aps.org/doi/10.1103/PhysRevB.28.1138}
}


@article{SSH_2,
	title = {Soliton excitations in polyacetylene},
	author = {Su, W. P. and Schrieffer, J. R. and Heeger, A. J.},
	journal = {Phys. Rev. B},
	volume = {22},
	issue = {4},
	pages = {2099--2111},
	numpages = {0},
	year = {1980},
	month = {Aug},
	publisher = {American Physical Society},
	doi = {10.1103/PhysRevB.22.2099},
	url = {https://link.aps.org/doi/10.1103/PhysRevB.22.2099}
}


@article{SSH_1,
	title = {Solitons in Polyacetylene},
	author = {Su, W. P. and Schrieffer, J. R. and Heeger, A. J.},
	journal = {Phys. Rev. Lett.},
	volume = {42},
	issue = {25},
	pages = {1698--1701},
	numpages = {0},
	year = {1979},
	month = {Jun},
	publisher = {American Physical Society},
	doi = {10.1103/PhysRevLett.42.1698},
	url = {https://link.aps.org/doi/10.1103/PhysRevLett.42.1698}
}

@article{heyl2018dynamical,
	title={Dynamical quantum phase transitions: a review},
	author={Heyl, Markus},
	journal={Reports on Progress in Physics},
	volume={81},
	number={5},
	pages={054001},
	year={2018},
	publisher={IOP Publishing},
	url={http://iopscience.iop.org/article/10.1088/1361-6633/aaaf9a/meta}
}

@article{altman2015universal,
	title={Universal dynamics and renormalization in many-body-localized systems},
	author={Altman, Ehud and Vosk, Ronen},
	journal={Annu. Rev. Condens. Matter Phys.},
	volume={6},
	number={1},
	pages={383--409},
	year={2015},
	publisher={Annual Reviews},
	url={https://www.annualreviews.org/doi/10.1146/annurev-conmatphys-031214-014701}
}

@article{rubio2018probing,
	title={Probing many-body localization in the presence of a quantum bath},
	author={Rubio-Abadal, Antonio and Choi, Jae-yoon and Zeiher, Johannes and Hollerith, Simon and Rui, Jun and Bloch, Immanuel and Gross, Christian},
	journal={arXiv preprint arXiv:1805.00056},
	year={2018},
	url={https://arxiv.org/abs/1805.00056}
}



@article{de2018stochastic,
	title={Stochastic approach to non-equilibrium quantum spin systems},
	author={De Nicola, Stefano and Doyon, Benjamin and Bhaseen, Miraculous Joe},
	journal={Journal of Physics A: Mathematical and Theoretical},
	year={2018},
	publisher={IOP Publishing},
	url={https://iopscience.iop.org/article/10.1088/1751-8121/aaf9be}
}

@article{thomson_18,
	title = {Time evolution of many-body localized systems with the flow equation approach},
	author = {Thomson, S. J. and Schir\'o, M.},
	journal = {Phys. Rev. B},
	volume = {97},
	issue = {6},
	pages = {060201},
	numpages = {5},
	year = {2018},
	month = {Feb},
	publisher = {American Physical Society},
	doi = {10.1103/PhysRevB.97.060201},
	url = {https://link.aps.org/doi/10.1103/PhysRevB.97.060201}
}


@article{delcampo_13,
	Author = {del Campo, Adolfo},
	Doi = {10.1103/PhysRevLett.111.100502},
	Issue = {10},
	Journal = {Phys. Rev. Lett.},
	Month = {Sep},
	Numpages = {5},
	Pages = {100502},
	Publisher = {American Physical Society},
	Title = {Shortcuts to Adiabaticity by Counterdiabatic Driving},
	Url = {https://link.aps.org/doi/10.1103/PhysRevLett.111.100502},
	Volume = {111},
	Year = {2013},
	Bdsk-Url-1 = {https://link.aps.org/doi/10.1103/PhysRevLett.111.100502},
	Bdsk-Url-2 = {https://dx.doi.org/10.1103/PhysRevLett.111.100502}}



@article{day2018glassy,
	title = {Glassy Phase of Optimal Quantum Control},
	author = {Day, Alexandre G. R. and Bukov, Marin and Weinberg, Phillip and Mehta, Pankaj and Sels, Dries},
	journal = {Phys. Rev. Lett.},
	volume = {122},
	issue = {2},
	pages = {020601},
	numpages = {6},
	year = {2019},
	month = {Jan},
	publisher = {American Physical Society},
	doi = {10.1103/PhysRevLett.122.020601},
	url = {https://link.aps.org/doi/10.1103/PhysRevLett.122.020601}
}



@article{bukov_17symmbreak,
	title = {Broken symmetry in a two-qubit quantum control landscape},
	author = {Bukov, Marin and Day, Alexandre G. R. and Weinberg, Phillip and Polkovnikov, Anatoli and Mehta, Pankaj and Sels, Dries},
	journal = {Phys. Rev. A},
	volume = {97},
	issue = {5},
	pages = {052114},
	numpages = {12},
	year = {2018},
	month = {May},
	publisher = {American Physical Society},
	doi = {10.1103/PhysRevA.97.052114},
	url = {https://link.aps.org/doi/10.1103/PhysRevA.97.052114}
}



@article{sels_16,
	Abstract = {Counterdiabatic driving protocols have been proposed [Demirplak M, Rice SA (2003) J Chem Phys A 107:9937--9945; Berry M (2009) J Phys A Math Theor 42:365303] as a means to make fast changes in the Hamiltonian without exciting transitions. Such driving in principle allows one to realize arbitrarily fast annealing protocols or implement fast dissipationless driving, circumventing standard adiabatic limitations requiring infinitesimally slow rates. These ideas were tested and used both experimentally and theoretically in small systems, but in larger chaotic systems, it is known that exact counterdiabatic protocols do not exist. In this work, we develop a simple variational approach allowing one to find the best possible counterdiabatic protocols given physical constraints, like locality. These protocols are easy to derive and implement both experimentally and numerically. We show that, using these approximate protocols, one can drastically suppress heating and increase fidelity of quantum annealing protocols in complex many-particle systems. In the fast limit, these protocols provide an effective dual description of adiabatic dynamics, where the coupling constant plays the role of time and the counterdiabatic term plays the role of the Hamiltonian.},
	Author = {Sels, Dries and Polkovnikov, Anatoli},
	Doi = {10.1073/pnas.1619826114},
	Journal = {Proceedings of the National Academy of Sciences},
	Number = {20},
	Pages = {E3909-E3916},
	Title = {Minimizing irreversible losses in quantum systems by local counterdiabatic driving},
	Volume = {114},
	Year = {2017},
	Bdsk-Url-1 = {https://dx.doi.org/10.1073/pnas.1619826114}}



@article{bukov_GSL,
	title = {Geometric Speed Limit of Accessible Many-Body State Preparation},
	author = {Bukov, Marin and Sels, Dries and Polkovnikov, Anatoli},
	journal = {Phys. Rev. X},
	volume = {9},
	issue = {1},
	pages = {011034},
	numpages = {21},
	year = {2019},
	month = {Feb},
	publisher = {American Physical Society},
	doi = {10.1103/PhysRevX.9.011034},
	url = {https://link.aps.org/doi/10.1103/PhysRevX.9.011034}
}



@article{mehta2019high,
	title={A high-bias, low-variance introduction to machine learning for physicists},
	author={Mehta, Pankaj and Bukov, Marin and Wang, Ching-Hao and Day, Alexandre GR and Richardson, Clint and Fisher, Charles K and Schwab, David J},
	journal={Physics Reports},
	year={2019},
	publisher={Elsevier},
	url={https://www.sciencedirect.com/science/article/pii/S0370157319300766?via%3Dihub}
}

@article{howell2018frequency,
	title = {Asymptotic Prethermalization in Periodically Driven Classical Spin Chains},
	author = {Howell, Owen and Weinberg, Phillip and Sels, Dries and Polkovnikov, Anatoli and Bukov, Marin},
	journal = {Phys. Rev. Lett.},
	volume = {122},
	issue = {1},
	pages = {010602},
	numpages = {6},
	year = {2019},
	month = {Jan},
	publisher = {American Physical Society},
	doi = {10.1103/PhysRevLett.122.010602},
	url = {https://link.aps.org/doi/10.1103/PhysRevLett.122.010602}
}



@article{vajna2017replica,
	title = {Replica Resummation of the Baker-Campbell-Hausdorff Series},
	author = {Vajna, Szabolcs and Klobas, Katja and Prosen, Toma\ifmmode \check{z}\else \v{z}\fi{} and Polkovnikov, Anatoli},
	journal = {Phys. Rev. Lett.},
	volume = {120},
	issue = {20},
	pages = {200607},
	numpages = {6},
	year = {2018},
	month = {May},
	publisher = {American Physical Society},
	doi = {10.1103/PhysRevLett.120.200607},
	url = {https://link.aps.org/doi/10.1103/PhysRevLett.120.200607}
}



@article{claeys2017spin,
	title = {Spin Polarization through Floquet Resonances in a Driven Central Spin Model},
	author = {Claeys, Pieter W. and De Baerdemacker, Stijn and Araby, Omar El and Caux, Jean-S\'ebastien},
	journal = {Phys. Rev. Lett.},
	volume = {121},
	issue = {8},
	pages = {080401},
	numpages = {6},
	year = {2018},
	month = {Aug},
	publisher = {American Physical Society},
	doi = {10.1103/PhysRevLett.121.080401},
	url = {https://link.aps.org/doi/10.1103/PhysRevLett.121.080401}
}


@article{claeys2017breaking,
	title={Breaking the integrability of the Heisenberg model through periodic driving},
	author={Claeys, Pieter W and Caux, Jean-S{\'e}bastien},
	journal={arXiv preprint arXiv:1708.07324},
	year={2017},
	url={https://arxiv.org/abs/1708.07324}
}

@Misc{SciPy_package,
  author = "Eric Jones and Travis Oliphant and Pearu Peterson and others",
  title = "{SciPy}: Open source scientific tools for {Python}",
  year = "2001--",
  url = "http://www.scipy.org/"
}

@article{Python_computing_1,
   author = "Oliphant, Travis E.",
   title = "Python for Scientific Computing",
   journal = "Computing in Science \& Engineering",
   year = "2007",
   volume = "9",
   number = "3", 
   pages = "10-20",
   url = "http://scitation.aip.org/content/aip/journal/cise/9/3/10.1109/MCSE.2007.58",
   doi = "http://dx.doi.org/10.1109/MCSE.2007.58" 
}

@article{Python_computing_2,
   author = "Millman, K. Jarrod and Aivazis, Michael",
   title = "Python for Scientists and Engineers",
   journal = "Computing in Science \& Engineering",
   year = "2011",
   volume = "13",
   number = "2", 
   pages = "9-12",
   url = "http://scitation.aip.org/content/aip/journal/cise/13/2/10.1109/MCSE.2011.36",
   doi = "http://dx.doi.org/10.1109/MCSE.2011.36" 
}

@article{Cython,
   author = "Behnel, Stefan and Bradshaw, Robert and Citro, Craig and Dalcin, Lisandro and Seljebotn, Dag Sverre and Smith, Kurt",
   title = "Cython: The Best of Both Worlds",
   journal = "Computing in Science \& Engineering",
   year = "2011",
   volume = "13",
   number = "2", 
   pages = "31-39",
   url = "http://scitation.aip.org/content/aip/journal/cise/13/2/10.1109/MCSE.2010.118",
   doi = "http://dx.doi.org/10.1109/MCSE.2010.118" 
}

@article{NumPy,
   author = "Walt, Stéfan van der and Colbert, S. Chris and Varoquaux, Gaël",
   title = "The NumPy Array: A Structure for Efficient Numerical Computation",
   journal = "Computing in Science \& Engineering",
   year = "2011",
   volume = "13",
   number = "2", 
   pages = "22-30",
   url = "http://scitation.aip.org/content/aip/journal/cise/13/2/10.1109/MCSE.2011.37",
   doi = "http://dx.doi.org/10.1109/MCSE.2011.37" 
}

@article{Matplotlib,
   author = "Hunter, John D.",
   title = "Matplotlib: A 2D Graphics Environment",
   journal = "Computing in Science \& Engineering",
   year = "2007",
   volume = "9",
   number = "3", 
   pages = "90-95",
   url = "http://scitation.aip.org/content/aip/journal/cise/9/3/10.1109/MCSE.2007.55",
   doi = "http://dx.doi.org/10.1109/MCSE.2007.55" 
}

@article{Luitz15,
  title = "Many-body localization edge in the random-field Heisenberg chain",
  author = "Luitz, David J. and Laflorencie, Nicolas and Alet, Fabien",
  journal = "Phys. Rev. B",
  volume = "91",
  issue = "8",
  pages = "081103",
  numpages = "5",
  year = "2015",
  month = "Feb",
  publisher = "American Physical Society",
  doi = "10.1103/PhysRevB.91.081103",
  url = "http://link.aps.org/doi/10.1103/PhysRevB.91.081103"
}


@article{bukov_SW,
  title = {Schrieffer-Wolff Transformation for Periodically Driven Systems: Strongly Correlated Systems with Artificial Gauge Fields},
  author = {Bukov, Marin and Kolodrubetz, Michael and Polkovnikov, Anatoli},
  journal = {Phys. Rev. Lett.},
  volume = {116},
  issue = {12},
  pages = {125301},
  numpages = {6},
  year = {2016},
  month = {Mar},
  publisher = {American Physical Society},
  doi = {10.1103/PhysRevLett.116.125301},
  url = {http://link.aps.org/doi/10.1103/PhysRevLett.116.125301}
}

@article{bukov_review,
author = "Marin Bukov and Luca D'Alessio and Anatoli Polkovnikov",
title = "Universal high-frequency behavior of periodically driven systems: from dynamical stabilization to Floquet engineering",
journal = "Advances in Physics",
volume = "64",
number = "2",
pages = "139-226",
year = "2015",
doi = "10.1080/00018732.2015.1055918",
URL = "http://dx.doi.org/10.1080/00018732.2015.1055918",
eprint = "http://dx.doi.org/10.1080/00018732.2015.1055918"
}

@article{bukov_Heating,
  title = "Heating and many-body resonances in a periodically driven two-band system",
  author = "Bukov, Marin and Heyl, Markus and Huse, David A. and Polkovnikov, Anatoli",
  journal = "Phys. Rev. B",
  volume = "93",
  issue = "15",
  pages = "155132",
  numpages = "16",
  year = "2016",
  month = "Apr",
  publisher = "American Physical Society",
  doi = "10.1103/PhysRevB.93.155132",
  url = "http://link.aps.org/doi/10.1103/PhysRevB.93.155132"
}

@article{anders10,
   author = "Sandvik, Anders W.",
   title = "Computational Studies of Quantum Spin Systems",
   journal = "AIP Conference Proceedings",
   year = "2010",
   volume = "1297",
   number = "1", 
   pages = "135-338",
   url = "http://scitation.aip.org/content/aip/proceeding/aipcp/10.1063/1.3518900",
   doi = "http://dx.doi.org/10.1063/1.3518900" 
}



@article{weinberg_FAPT,
	title={Adiabatic perturbation theory and geometry of periodically-driven systems},
	author={Weinberg, Phillip and Bukov, Marin and D’Alessio, Luca and Polkovnikov, Anatoli and Vajna, Szabolcs and Kolodrubetz, Michael},
	journal={Physics Reports},
	volume={688},
	pages={1--35},
	year={2017},
	publisher={Elsevier},
	url={https://www.sciencedirect.com/science/article/pii/S0370157317301412?via%3Dihub}
}

@article{Schreiber15,
	author = "Schreiber, Michael and Hodgman, Sean S. and Bordia, Pranjal and L{\"u}schen, Henrik P. and Fischer, Mark H. and Vosk, Ronen and Altman, Ehud and Schneider, Ulrich and Bloch, Immanuel",
	title = "Observation of many-body localization of interacting fermions in a quasirandom optical lattice",
	volume = "349",
	number = "6250",
	pages = "842--845",
	year = "2015",
	doi = "10.1126/science.aaa7432",
	publisher = "American Association for the Advancement of Science",
	issn = "0036-8075",
	URL = "http://science.sciencemag.org/content/349/6250/842",
	eprint = "http://science.sciencemag.org/content/349/6250/842.full.pdf",
	journal = "Science"
}

@article{dolfi14,
	title = "Matrix product state applications for the \{ALPS\} project ",
	journal = "Computer Physics Communications ",
	volume = "185",
	number = "12",
	pages = "3430 - 3440",
	year = "2014",
	note = "",
	issn = "0010-4655",
	doi = "http://dx.doi.org/10.1016/j.cpc.2014.08.019",
	url = "http://www.sciencedirect.com/science/article/pii/S0010465514003002",
	author = "Michele Dolfi and Bela Bauer and Sebastian Keller and Alexandr Kosenkov and Timothée Ewart and Adrian Kantian and Thierry Giamarchi and Matthias Troyer",
}

@article{alet05,
	author = "F. Alet and  P. Dayal and  A. Grzesik and  A. Honecker and  M. Körner and  A. Läuchli and  S. R. Manmana and  I. P. McCulloch and  F. Michel and  R. M. Noack and  G. Schmid and  U. Schollwöck and  F. Stöckli and  S. Todo and  S. Trebst and  M. Troyer and  P. Werner and  S. Wessel",
	title = "The ALPS Project: Open Source Software for Strongly Correlated Systems",
	journal = "Journal of the Physical Society of Japan",
	volume = "74",
	number = "Suppl",
	pages = "30-35",
	year = "2005",
	doi = "10.1143/JPSJS.74S.30",
	URL = "http://dx.doi.org/10.1143/JPSJS.74S.30",
	eprint = " http://dx.doi.org/10.1143/JPSJS.74S.30"
}

@article{albuquerque2007,
	title = "The \{ALPS\} project release 1.3: Open-source software for strongly correlated systems ",
	journal = "Journal of Magnetism and Magnetic Materials ",
	volume = "310",
	number = "2, Part 2",
	pages = "1187 - 1193",
	year = "2007",
	note = "Proceedings of the 17th International Conference on MagnetismThe International Conference on Magnetism ",
	issn = "0304-8853",
	doi = "http://dx.doi.org/10.1016/j.jmmm.2006.10.304",
	url = "http://www.sciencedirect.com/science/article/pii/S0304885306014983",
	author = "A.F. Albuquerque and F. Alet and P. Corboz and P. Dayal and A. Feiguin and S. Fuchs and L. Gamper and E. Gull and S. Gürtler and A. Honecker and R. Igarashi and M. Körner and A. Kozhevnikov and A. Läuchli and S.R. Manmana and M. Matsumoto and I.P. McCulloch and F. Michel and R.M. Noack and G. Pawłowski and L. Pollet and T. Pruschke and U. Schollwöck and S. Todo and S. Trebst and M. Troyer and P. Werner and S. Wessel",
}

@article{bauer11,
	author="B Bauer and L D Carr and H G Evertz and A Feiguin and J Freire and S Fuchs and L Gamper and J Gukelberger and E Gull and S Guertler and A
	Hehn and R Igarashi and S V Isakov and D Koop and P N Ma and P Mates and H Matsuo and O Parcollet and G Paw?owski and J D Picon and L
	Pollet and E Santos and V W Scarola and U Schollw?ck and C Silva and B Surer and S Todo and S Trebst and M Troyer and M L Wall and P
	Werner and S Wessel",
	title="The ALPS project release 2.0: open source software for strongly correlated systems",
	journal="Journal of Statistical Mechanics: Theory and Experiment",
	volume="2011",
	number="05",
	pages="P05001",
	url="http://stacks.iop.org/1742-5468/2011/i=05/a=P05001",
	year="2011",
}

@Misc{TNT,
	author = "S. Al-Assam, S. R. Clark, D. Jaksch and {TNT Development team}",
	title = "Tensor Network Theory Library, Beta Version 1.2.0",
	year = "2016--",
	url = "www.tensornetworktheory.org"
}

@Misc{ITensor,
	author = "E. Miles Stoudenmire and Steven R. White and others ",
	title = "{ITensor}: C\texttt{++} library for implementing tensor product wavefunction calculations",
	year = "2011--",
	url = "http://itensor.org/index.html"
}

@article{johansson2013,
	title = "QuTiP 2: A Python framework for the dynamics of open quantum systems ",
	journal = "Computer Physics Communications ",
	volume = "184",
	number = "4",
	pages = "1234 - 1240",
	year = "2013",
	note = "",
	issn = "0010-4655",
	doi = "http://dx.doi.org/10.1016/j.cpc.2012.11.019",
	url = "http://www.sciencedirect.com/science/article/pii/S0010465512003955",
	author = "J.R. Johansson and P.D. Nation and Franco Nori"
}

@article{johansson2012,
	title = "QuTiP: An open-source Python framework for the dynamics of open quantum systems ",
	journal = "Computer Physics Communications ",
	volume = "183",
	number = "8",
	pages = "1760 - 1772",
	year = "2012",
	note = "",
	issn = "0010-4655",
	doi = "http://dx.doi.org/10.1016/j.cpc.2012.02.021",
	url = "http://www.sciencedirect.com/science/article/pii/S0010465512000835",
	author = "J.R. Johansson and P.D. Nation and Franco Nori"
}


@article{schrieffer_66,
	title = {Relation between the Anderson and Kondo Hamiltonians},
	author = {Schrieffer, J. R. and Wolff, P. A.},
	journal = {Phys. Rev.},
	volume = {149},
	issue = {2},
	pages = {491--492},
	numpages = {0},
	year = {1966},
	month = {Sep},
	publisher = {American Physical Society},
	doi = {10.1103/PhysRev.149.491},
	url = {http://link.aps.org/doi/10.1103/PhysRev.149.491}
}

@article{bravyi_11,
	title = "Schrieffer–Wolff transformation for quantum many-body systems ",
	journal = "Annals of Physics ",
	volume = "326",
	number = "10",
	pages = "2793 - 2826",
	year = "2011",
	note = "",
	issn = "0003-4916",
	doi = "http://dx.doi.org/10.1016/j.aop.2011.06.004",
	url = "http://www.sciencedirect.com/science/article/pii/S0003491611001059",
	author = "Sergey Bravyi and David P. DiVincenzo and Daniel Loss"
}

@article{bukov_14,
	author = {Marin Bukov and Luca D'Alessio and Anatoli Polkovnikov},
	title = {Universal high-frequency behavior of periodically driven systems: from dynamical stabilization to Floquet engineering},
	journal = {Advances in Physics},
	volume = {64},
	number = {2},
	pages = {139-226},
	year = {2015},
	doi = {10.1080/00018732.2015.1055918},
	URL = {http://dx.doi.org/10.1080/00018732.2015.1055918},
	eprint = { http://dx.doi.org/10.1080/00018732.2015.1055918}
}

@article{goldman_14,
	title = {Periodically Driven Quantum Systems: Effective Hamiltonians and Engineered Gauge Fields},
	author = {Goldman, N. and Dalibard, J.},
	journal = {Phys. Rev. X},
	volume = {4},
	issue = {3},
	pages = {031027},
	numpages = {29},
	year = {2014},
	month = {Aug},
	publisher = {American Physical Society},
	doi = {10.1103/PhysRevX.4.031027},
	url = {http://link.aps.org/doi/10.1103/PhysRevX.4.031027}
}

@article{wright_13,
	title={DiracQ: A Quantum Many-Body Physics Package},
	author={John G. Wright and B. Sriram Shastry},
	journal={arXiv preprint arXiv:1301.4494},
	url = "http://arxiv.orgs/1301.4494/",
	year={2013}
}

@article{basko_06,
	title = "Metal–insulator transition in a weakly interacting many-electron system with localized single-particle states ",
	journal = "Annals of Physics ",
	volume = "321",
	number = "5",
	pages = "1126 - 1205",
	year = "2006",
	note = "",
	issn = "0003-4916",
	doi = "http://dx.doi.org/10.1016/j.aop.2005.11.014",
	url = "http://www.sciencedirect.com/science/article/pii/S0003491605002630",
	author = "D.M. Basko and I.L. Aleiner and B.L. Altshuler"
}

@article{gornyi_05,
	title = {Interacting Electrons in Disordered Wires: Anderson Localization and Low-$T$ Transport},
	author = {Gornyi, I. V. and Mirlin, A. D. and Polyakov, D. G.},
	journal = {Phys. Rev. Lett.},
	volume = {95},
	issue = {20},
	pages = {206603},
	numpages = {4},
	year = {2005},
	month = {Nov},
	publisher = {American Physical Society},
	doi = {10.1103/PhysRevLett.95.206603},
	url = {http://link.aps.org/doi/10.1103/PhysRevLett.95.206603}
}

@Article{imbrie_16,
	author="Imbrie, John Z.",
	title="On Many-Body Localization for Quantum Spin Chains",
	journal="Journal of Statistical Physics",
	year="2016",
	volume="163",
	number="5",
	pages="998--1048",
	abstract="For a one-dimensional spin chain with random local interactions, we prove that many-body localization follows from a physically reasonable assumption that limits the amount of level attraction in the system. The construction uses a sequence of local unitary transformations to diagonalize the Hamiltonian and connect the exact many-body eigenfunctions to the original basis vectors.",
	issn="1572-9613",
	doi="10.1007/s10955-016-1508-x",
	url="http://dx.doi.org/10.1007/s10955-016-1508-x"
}

@article{oganesyan_07,
	title = {Localization of interacting fermions at high temperature},
	author = {Oganesyan, Vadim and Huse, David A.},
	journal = {Phys. Rev. B},
	volume = {75},
	issue = {15},
	pages = {155111},
	numpages = {5},
	year = {2007},
	month = {Apr},
	publisher = {American Physical Society},
	doi = {10.1103/PhysRevB.75.155111},
	url = {http://link.aps.org/doi/10.1103/PhysRevB.75.155111}
}

@article{pal_16,
	title = {Many-body localization phase transition},
	author = {Pal, Arijeet and Huse, David A.},
	journal = {Phys. Rev. B},
	volume = {82},
	issue = {17},
	pages = {174411},
	numpages = {7},
	year = {2010},
	month = {Nov},
	publisher = {American Physical Society},
	doi = {10.1103/PhysRevB.82.174411},
	url = {http://link.aps.org/doi/10.1103/PhysRevB.82.174411}
}

@article{vosk_13,
	title = {Many-Body Localization in One Dimension as a Dynamical Renormalization Group Fixed Point},
	author = {Vosk, Ronen and Altman, Ehud},
	journal = {Phys. Rev. Lett.},
	volume = {110},
	issue = {6},
	pages = {067204},
	numpages = {5},
	year = {2013},
	month = {Feb},
	publisher = {American Physical Society},
	doi = {10.1103/PhysRevLett.110.067204},
	url = {http://link.aps.org/doi/10.1103/PhysRevLett.110.067204}
}

@article{nandkishore_15,
	author = {Rahul Nandkishore and David A. Huse},
	title = {Many-Body Localization and Thermalization in Quantum Statistical Mechanics},
	journal = {Annual Review of Condensed Matter Physics},
	volume = {6},
	number = {1},
	pages = {15-38},
	year = {2015},
	doi = {10.1146/annurev-conmatphys-031214-014726},
	URL = {http://dx.doi.org/10.1146/annurev-conmatphys-031214-014726},
	eprint = {http://dx.doi.org/10.1146/annurev-conmatphys-031214-014726}
}

@article{khemani_15,
	author = {Vedika Khemani and Rahul Nandkishore and Sondhi, S. L.},
	title = {Nonlocal adiabatic response of a localized system to local manipulations},
	journal = {Nature Physics},
	volume = {11},
	pages = {560-565},
	year = {2015},
	doi = {10.1038/nphys3344},
	url = {http://www.nature.com/nphys/journal/v11/n7/abs/nphys3344.html}
}

%%% experiments on MBL

@article{ovadia_15,
	author = {Ovadia, M. and Kalok, D. and Tamir, I. and Mitra,  S. and Sac\'ep\'e, B. and Shahar, D.},
	title = {Evidence for a Finite-Temperature Insulator},
	journal = {Scientific Reports},
	volume = {5},
	pages = {13503},
	year = {2015},
	doi = {10.1038/srep13503},
	url = {http://www.nature.com/articles/srep13503}
}

@article{bordia_16,
	title = {Coupling Identical one-dimensional Many-Body Localized Systems},
	author = {Bordia, Pranjal and L\"uschen, Henrik P. and Hodgman, Sean S. and Schreiber, Michael and Bloch, Immanuel and Schneider, Ulrich},
	journal = {Phys. Rev. Lett.},
	volume = {116},
	issue = {14},
	pages = {140401},
	numpages = {6},
	year = {2016},
	month = {Apr},
	publisher = {American Physical Society},
	doi = {10.1103/PhysRevLett.116.140401},
	url = {http://link.aps.org/doi/10.1103/PhysRevLett.116.140401}
}

@article{smith_16,
	author = {Smith,J. and Lee, A. and Richerme, P. and Neyenhuis, B. and Hess, P. W. and Hauke, P. and Heyl, M. and Huse, D. A.	and Monroe, C.},
	title = {Many-body localization in a quantum simulator with programmable random disorder},
	journal = {Nature Physics},
	volume = {12},
	pages = {907–911},
	year = {2016},
	doi = {10.1038/nphys3783},
	url = {http://www.nature.com/nphys/journal/v12/n10/full/nphys3783.html}
}

@article {choi_16,
	author = {Choi, Jae-yoon and Hild, Sebastian and Zeiher, Johannes and Schau{\ss}, Peter and Rubio-Abadal, Antonio and Yefsah, Tarik and Khemani, Vedika and Huse, David A. and Bloch, Immanuel and Gross, Christian},
	title = {Exploring the many-body localization transition in two dimensions},
	volume = {352},
	number = {6293},
	pages = {1547--1552},
	year = {2016},
	doi = {10.1126/science.aaf8834},
	publisher = {American Association for the Advancement of Science},
	issn = {0036-8075},
	URL = {http://science.sciencemag.org/content/352/6293/1547},
	eprint = {http://science.sciencemag.org/content/352/6293/1547.full.pdf},
	journal = {Science}
}


@article{schollwock_11,
title = "The density-matrix renormalization group in the age of matrix product states ",
journal = "Annals of Physics ",
volume = "326",
number = "1",
pages = "96 - 192",
year = "2011",
note = "January 2011 Special Issue ",
issn = "0003-4916",
doi = "http://dx.doi.org/10.1016/j.aop.2010.09.012",
url = "http://www.sciencedirect.com/science/article/pii/S0003491610001752",
author = "Ulrich Schollwöck"
}

@article{schollwock_05,
  title = {The density-matrix renormalization group},
  author = {Schollw\"ock, U.},
  journal = {Rev. Mod. Phys.},
  volume = {77},
  issue = {1},
  pages = {259--315},
  numpages = {0},
  year = {2005},
  month = {Apr},
  publisher = {American Physical Society},
  doi = {10.1103/RevModPhys.77.259},
  url = {http://link.aps.org/doi/10.1103/RevModPhys.77.259}
}

@article{daley_04,
  author={A J Daley and C Kollath and U Schollwöck and G Vidal},
  title={Time-dependent density-matrix renormalization-group using adaptive effective Hilbert spaces},
  journal={Journal of Statistical Mechanics: Theory and Experiment},
  volume={2004},
  number={04},
  pages={P04005},
  url={http://stacks.iop.org/1742-5468/2004/i=04/a=P04005},
  year={2004}
}


@article{foulkes_01,
  title = {Quantum Monte Carlo simulations of solids},
  author = {Foulkes, W. M. C. and Mitas, L. and Needs, R. J. and Rajagopal, G.},
  journal = {Rev. Mod. Phys.},
  volume = {73},
  issue = {1},
  pages = {33--83},
  numpages = {0},
  year = {2001},
  month = {Jan},
  publisher = {American Physical Society},
  doi = {10.1103/RevModPhys.73.33},
  url = {http://link.aps.org/doi/10.1103/RevModPhys.73.33}
}

@article{acioli_97,
title = "Review of quantum Monte Carlo methods and their applications",
journal = "Journal of Molecular Structure: THEOCHEM",
volume = "394",
number = "2",
pages = "75 - 85",
year = "1997",
note = "",
issn = "0166-1280",
doi = "http://dx.doi.org/10.1016/S0166-1280(96)04821-X",
url = "http://www.sciencedirect.com/science/article/pii/S016612809604821X",
author = "Paulo H. Acioli",
keywords = "Quantum Monte Carlo",
keywords = "Correlation energy",
keywords = "Jellium model",
keywords = "Variational Monte"
}

@article{pollet_12,
  author={Lode Pollet},
  title={Recent developments in quantum Monte Carlo simulations with applications for cold gases},
  journal={Reports on Progress in Physics},
  volume={75},
  number={9},
  pages={094501},
  url={http://stacks.iop.org/0034-4885/75/i=9/a=094501},
  year={2012}
}

@article{georges_96,
  title = {Dynamical mean-field theory of strongly correlated fermion systems and the limit of infinite dimensions},
  author = {Georges, Antoine and Kotliar, Gabriel and Krauth, Werner and Rozenberg, Marcelo J.},
  journal = {Rev. Mod. Phys.},
  volume = {68},
  issue = {1},
  pages = {13--125},
  numpages = {0},
  year = {1996},
  month = {Jan},
  publisher = {American Physical Society},
  doi = {10.1103/RevModPhys.68.13},
  url = {http://link.aps.org/doi/10.1103/RevModPhys.68.13}
}

@article{kotliar_06,
  title = {Electronic structure calculations with dynamical mean-field theory},
  author = {Kotliar, G. and Savrasov, S. Y. and Haule, K. and Oudovenko, V. S. and Parcollet, O. and Marianetti, C. A.},
  journal = {Rev. Mod. Phys.},
  volume = {78},
  issue = {3},
  pages = {865--951},
  numpages = {0},
  year = {2006},
  month = {Aug},
  publisher = {American Physical Society},
  doi = {10.1103/RevModPhys.78.865},
  url = {http://link.aps.org/doi/10.1103/RevModPhys.78.865}
}

@article{aoki_14,
  title = {Nonequilibrium dynamical mean-field theory and its applications},
  author = {Aoki, Hideo and Tsuji, Naoto and Eckstein, Martin and Kollar, Marcus and Oka, Takashi and Werner, Philipp},
  journal = {Rev. Mod. Phys.},
  volume = {86},
  issue = {2},
  pages = {779--837},
  numpages = {59},
  year = {2014},
  month = {Jun},
  publisher = {American Physical Society},
  doi = {10.1103/RevModPhys.86.779},
  url = {http://link.aps.org/doi/10.1103/RevModPhys.86.779}
}


@Misc{Pythtb_package,
  author = "David Vanderbilt and others",
  title = "{PythTB} a software package providing a {Python} implementation of the tight-binding approximation.",
  year = "2010--",
  url = "http://www.physics.rutgers.edu/pythtb/"
}

@article{zhang_15,
	title = {Thermalization of entanglement},
	author = {Zhang, Liangsheng and Kim, Hyungwon and Huse, David A.},
	journal = {Phys. Rev. E},
	volume = {91},
	issue = {6},
	pages = {062128},
	numpages = {6},
	year = {2015},
	month = {Jun},
	publisher = {American Physical Society},
	doi = {10.1103/PhysRevE.91.062128},
	url = {http://link.aps.org/doi/10.1103/PhysRevE.91.062128}
}

@article{niu_01,
	title = {Landau and dynamical instabilities of the superflow of Bose-Einstein condensates in optical lattices},
	author = {Wu, Biao and Niu, Qian},
	journal = {Phys. Rev. A},
	volume = {64},
	issue = {6},
	pages = {061603},
	numpages = {4},
	year = {2001},
	month = {Nov},
	publisher = {American Physical Society},
	doi = {10.1103/PhysRevA.64.061603},
	url = {https://link.aps.org/doi/10.1103/PhysRevA.64.061603}
}


@article{bukov_12,
	title = {Parametric instability in periodically driven Luttinger liquids},
	author = {Bukov, M. and Heyl, M.},
	journal = {Phys. Rev. B},
	volume = {86},
	issue = {5},
	pages = {054304},
	numpages = {7},
	year = {2012},
	month = {Aug},
	publisher = {American Physical Society},
	doi = {10.1103/PhysRevB.86.054304},
	url = {https://link.aps.org/doi/10.1103/PhysRevB.86.054304}
}

@article{lellouch_17,
	title = {Parametric Instability Rates in Periodically Driven Band Systems},
	author = {Lellouch, S. and Bukov, M. and Demler, E. and Goldman, N.},
	journal = {Phys. Rev. X},
	volume = {7},
	issue = {2},
	pages = {021015},
	numpages = {32},
	year = {2017},
	month = {May},
	publisher = {American Physical Society},
	doi = {10.1103/PhysRevX.7.021015},
	url = {https://link.aps.org/doi/10.1103/PhysRevX.7.021015}
}

@article{citro2015dynamical,
	title={Dynamical stability of a many-body Kapitza pendulum},
	author={Citro, Roberta and Dalla Torre, Emanuele G and D’Alessio, Luca and Polkovnikov, Anatoli and Babadi, Mehrtash and Oka, Takashi and Demler, Eugene},
	journal={Annals of Physics},
	volume={360},
	pages={694--710},
	year={2015},
	publisher={Elsevier},
	url={https://www.sciencedirect.com/science/article/pii/S000349161500130X?via%3Dihub}
}

@article{creffield_09,
	author = {Creffield, C. E.},
	journal = {Phys. Rev. A},
	volume = {79},
	pages = {063612},
	year = {2009},
	url = {http://link.aps.org/doi/10.1103/PhysRevA.79.063612}
}

@article{prosen_98,
	title = {Time Evolution of a Quantum Many-Body System: Transition from Integrability to Ergodicity in the Thermodynamic Limit},
	author = {Prosen, T.},
	journal = {Phys. Rev. Lett.},
	volume = {80},
	issue = {9},
	pages = {1808--1811},
	numpages = {0},
	year = {1998},
	month = {Mar},
	publisher = {American Physical Society},
	doi = {10.1103/PhysRevLett.80.1808},
	url = {http://link.aps.org/doi/10.1103/PhysRevLett.80.1808}
}

@article{prosen_99,
	title = {Ergodic properties of a generic nonintegrable quantum many-body system in the thermodynamic limit},
	author = {Prosen, T.},
	journal = {Phys. Rev. E},
	volume = {60},
	issue = {4},
	pages = {3949--3968},
	numpages = {0},
	year = {1999},
	month = {Oct},
	publisher = {American Physical Society},
	doi = {10.1103/PhysRevE.60.3949},
	url = {http://link.aps.org/doi/10.1103/PhysRevE.60.3949}
}

@book{floquet_thesis,
	title = {Floquet Engineering in Closed Periodically Driven Quantum Systems: From Dynamical Localisation to Ultracold Topological Matter},
	author = {Bukov, Marin},
	year = {2016},
	month = {Sept},
	publisher = {Ph.D. thesis, Boston University}
}

@article{bukov_16,
	title = {Heating and many-body resonances in a periodically driven two-band system},
	author = {Bukov, Marin and Heyl, Markus and Huse, David A. and Polkovnikov, Anatoli},
	journal = {Phys. Rev. B},
	volume = {93},
	issue = {15},
	pages = {155132},
	numpages = {16},
	year = {2016},
	month = {Apr},
	publisher = {American Physical Society},
	doi = {10.1103/PhysRevB.93.155132},
	url = {http://link.aps.org/doi/10.1103/PhysRevB.93.155132}
}

@article{kuwahara_16,
	title = "Floquet–Magnus theory and generic transient dynamics in periodically driven many-body quantum systems ",
	journal = "Annals of Physics ",
	volume = "367",
	number = "",
	pages = "96 - 124",
	year = "2016",
	note = "",
	issn = "0003-4916",
	doi = "http://dx.doi.org/10.1016/j.aop.2016.01.012",
	url = "http://www.sciencedirect.com/science/article/pii/S0003491616000142",
	author = "Tomotaka Kuwahara and Takashi Mori and Keiji Saito"
}

@article{abanin_15,
	title = {Exponentially Slow Heating in Periodically Driven Many-Body Systems},
	author = {Abanin, Dmitry A. and De Roeck, Wojciech and Huveneers, Fran\ifmmode \mbox{\c{c}}\else \c{c}\fi{}ois},
	journal = {Phys. Rev. Lett.},
	volume = {115},
	issue = {25},
	pages = {256803},
	numpages = {5},
	year = {2015},
	month = {Dec},
	publisher = {American Physical Society},
	doi = {10.1103/PhysRevLett.115.256803},
	url = {http://link.aps.org/doi/10.1103/PhysRevLett.115.256803}
}

@article{mori_15,
	title = {Rigorous Bound on Energy Absorption and Generic Relaxation in Periodically Driven Quantum Systems},
	author = {Mori, Takashi and Kuwahara, Tomotaka and Saito, Keiji},
	journal = {Phys. Rev. Lett.},
	volume = {116},
	issue = {12},
	pages = {120401},
	numpages = {5},
	year = {2016},
	month = {Mar},
	publisher = {American Physical Society},
	doi = {10.1103/PhysRevLett.116.120401},
	url = {http://link.aps.org/doi/10.1103/PhysRevLett.116.120401}
}



@article{abanin_15_2,
	title = {Effective Hamiltonians, prethermalization, and slow energy absorption in periodically driven many-body systems},
	author = {Abanin, Dmitry A. and De Roeck, Wojciech and Ho, Wen Wei and Huveneers, Fran\ifmmode \mbox{\c{c}}\else \c{c}\fi{}ois},
	journal = {Phys. Rev. B},
	volume = {95},
	issue = {1},
	pages = {014112},
	numpages = {8},
	year = {2017},
	month = {Jan},
	publisher = {American Physical Society},
	doi = {10.1103/PhysRevB.95.014112},
	url = {https://link.aps.org/doi/10.1103/PhysRevB.95.014112}
}



@article{TD_review,
	author = "Luca D'Alessio and Yarif Kafri and Anatoli Polkovnikov and Marcos Rigol",
	title = "From Quantum Chaos and Eigenstate Thermalization to Statistical Mechanics and Thermodynamics",
	journal = "Advances in Physics",
	volume = "65",
	pages = "239",
	year = "2016",
	doi = "10.1080/00018732.2016.1198134",
	URL = "http://dx.doi.org/10.1080/00018732.2016.1198134",
	eprint = "http://dx.doi.org/10.1080/00018732.2016.1198134"
}

@book{haroche_book,
	title={Exploring the Quantum: Atoms, Cavities, and Photons},
	author={Haroche, S. and Raimond, J.M.},
	isbn={9780198509141},
	lccn={2006297143},
	series={Oxford Graduate Texts},
	url={https://books.google.com/books?id=QY6YuU-Qi-AC},
	year={2006},
	publisher={OUP Oxford}
}

@Article{weinberg_17_quspin,
	title={{QuSpin: a Python Package for Dynamics and Exact Diagonalisation of  Quantum Many Body Systems part I: spin chains}},
	author={Phillip Weinberg and Marin Bukov},
	journal={SciPost Phys.},
	volume={2},
	issue={1},
	pages={003},
	year={2017},
	publisher={SciPost},
	doi={10.21468/SciPostPhys.2.1.003},
	url={https://scipost.org/10.21468/SciPostPhys.2.1.003},
}

@book{sachdev_book,
	title = {Quantum Phase Transitions},
	author = {Sachdev, S.},
	year = {1997},
	publisher = {Cambridge University Press},
	address = {New York},
	url = {http://assets.cambridge.org/97805215/14682/copyright/9780521514682_copyright_info.pdf}
}

@article{dziarmaga_10,
	title={Dynamics of a quantum phase transition and relaxation to a steady state},
	author={Dziarmaga, Jacek},
	journal={Advances in Physics},
	volume={59},
	number={6},
	pages={1063--1189},
	year={2010},
	publisher={Taylor \& Francis}
}

@article{abanin_17,
	title={Recent progress in many-body localization},
	author={Abanin, Dmitry A and Papi{\'c}, Zlatko},
	journal={Annalen der Physik},
	volume={529},
	number={7},
	year={2017},
	publisher={Wiley Online Library},
	url={https://onlinelibrary.wiley.com/doi/abs/10.1002/andp.201700169}
}

@article{bloch_05,
	title = {Many-body physics with ultracold gases},
	author = {Bloch, Immanuel and Dalibard, Jean and Zwerger, Wilhelm},
	journal = {Rev. Mod. Phys.},
	volume = {80},
	issue = {3},
	pages = {885--964},
	year = {2008},
	url = {https://link.aps.org/doi/10.1103/RevModPhys.80.885}
}

@article{grusdt_15,
	title={New theoretical approaches to Bose polarons},
	author = "Fabian Grusdt and Eugene Demler",
	journal={arXiv preprint arXiv:1510.04934},
	pages = "1510.04934",
	url = "http://arxiv.org/abs/1510.04934",
	year = "2015"
}

@article{ketterle_08,
	title={Making, probing and understanding ultracold Fermi gases},
	author={Ketterle, Wolfgang and Zwierlein, Martin W},
	journal={arXiv preprint arXiv:0801.2500},
	year={2008},
	url="http://arxiv.org/abs/0801.2500"
}

@article{stasyuk_15,
	title = {Phase transitions in Bose-Fermi-Hubbard model in the heavy fermion limit: Hard-core boson approach},
	author = {Stasyuk, I. V. and Krasnov, V. O.},
	journal = {	Condens. Matter Phys.},
	volume = {18},
	issue = {4},
	pages = {43702},
	year = {2015},
	url = {http://www.icmp.lviv.ua/journal/zbirnyk.84/43702/abstract.html}
}

@article{bilitewski_15,
	title = {Exotic superconductivity through bosons in a dynamical cluster approximation},
	author = {Bilitewski, Thomas and Pollet, Lode},
	journal = {Phys. Rev. B},
	volume = {92},
	issue = {18},
	pages = {184505},
	numpages = {8},
	year = {2015},
	month = {Nov},
	publisher = {American Physical Society},
	doi = {10.1103/PhysRevB.92.184505},
	url = {https://link.aps.org/doi/10.1103/PhysRevB.92.184505}
}

@article{scaramazza_16,
	title = {Competing Orders in a Dipolar Bose-Fermi Mixture on a Square Optical Lattice: Mean-Field Perspective},
	author = {Scaramazza, J.~A.~K. and Ben, L. and Hong, Y.},
	journal = {Eur. Phys. J. D},
	volume = {70},
	pages = {147},
	year = {2016},
	url = {https://link.springer.com/article/10.1140%2Fepjd%2Fe2016-70053-5}
}

@article{bukov_14_BFM,
	author = {Bukov, Marin and Pollet, Lode},
	journal = {Phys. Rev. B},
	volume = {89},
	issue = {9},
	pages = {094502},
	year = {2014},
	month = {Mar},
	publisher = {American Physical Society},
	url = {https://link.aps.org/doi/10.1103/PhysRevB.89.094502}
}


@article{polkovnikov_11,
	author = {Polkovnikov, Anatoli and Sengupta, Krishnendu and Silva, Alessandro and Vengalattore, Mukund},
	journal = {Rev. Mod. Phys.},
	volume = {83},
	issue = {3},
	pages = {863--883},
	year = {2011},
	publisher = {American Physical Society},
	url = {https://link.aps.org/doi/10.1103/RevModPhys.83.863}
}

@article{eckardt_17,
	author = {Eckardt, Andr\'e},
	journal = {Rev. Mod. Phys.},
	volume = {89},
	issue = {1},
	pages = {011004},
	year = {2017},
	month = {Mar},
	publisher = {American Physical Society},
	url = {https://link.aps.org/doi/10.1103/RevModPhys.89.011004}
}

@article{kolodrubetz_17,
	author={Kolodrubetz, Michael and Sels, Dries and Mehta, Pankaj and Polkovnikov, Anatoli},
	journal={Physics Reports},
	volume={697},
	pages={1--87},
	year={2017},
	publisher={Elsevier}
}



@article{dunjko_17,
	title={Machine learning \& artificial intelligence in the quantum domain: a review of recent progress},
	author={Dunjko, Vedran and Briegel, Hans J},
	journal={Reports on Progress in Physics},
	volume={81},
	number={7},
	pages={074001},
	year={2018},
	publisher={IOP Publishing}
}

@article{chen_14,
	title={Fidelity-based probabilistic Q-learning for control of quantum systems},
	author={Chen, Chunlin and Dong, Daoyi and Li, Han-Xiong and Chu, Jian and Tarn, Tzyh-Jong},
	journal={IEEE transactions on neural networks and learning systems},
	volume={25},
	number={5},
	pages={920--933},
	year={2014},
	publisher={IEEE},
	url={http://ieeexplore.ieee.org/document/6628013/}
}



@article{bukov_17RL,
	title = {Reinforcement Learning in Different Phases of Quantum Control},
	author = {Bukov, Marin and Day, Alexandre G. R. and Sels, Dries and Weinberg, Phillip and Polkovnikov, Anatoli and Mehta, Pankaj},
	journal = {Phys. Rev. X},
	volume = {8},
	issue = {3},
	pages = {031086},
	numpages = {15},
	year = {2018},
	month = {Sep},
	publisher = {American Physical Society},
	doi = {10.1103/PhysRevX.8.031086},
	url = {https://link.aps.org/doi/10.1103/PhysRevX.8.031086}
}



@article{glaser_15,
	title={Training Schr{\"o}dinger’s cat: quantum optimal control},
	author={Glaser, Steffen J and Boscain, Ugo and Calarco, Tommaso and Koch, Christiane P and K{\"o}ckenberger, Walter and Kosloff, Ronnie and Kuprov, Ilya and Luy, Burkhard and Schirmer, Sophie and Schulte-Herbr{\"u}ggen, Thomas and others},
	journal={The European Physical Journal D},
	volume={69},
	number={12},
	pages={279},
	year={2015},
	publisher={Springer},
	url={https://link.springer.com/article/10.1140%2Fepjd%2Fe2015-60464-1}
}

@article{lueschen_17,
	title = {Signatures of Many-Body Localization in a Controlled Open Quantum System},
	author = {L\"uschen, Henrik P. and Bordia, Pranjal and Hodgman, Sean S. and Schreiber, Michael and Sarkar, Saubhik and Daley, Andrew J. and Fischer, Mark H. and Altman, Ehud and Bloch, Immanuel and Schneider, Ulrich},
	journal = {Phys. Rev. X},
	volume = {7},
	issue = {1},
	pages = {011034},
	numpages = {13},
	year = {2017},
	month = {Mar},
	publisher = {American Physical Society},
	doi = {10.1103/PhysRevX.7.011034},
	url = {https://link.aps.org/doi/10.1103/PhysRevX.7.011034}
}

@article{page_93,
	author = {Page, Don N.},
	journal = {Phys. Rev. Lett.},
	volume = {71},
	issue = {9},
	pages = {1291--1294},
	year = {1993},
	month = {Aug},
	publisher = {American Physical Society},
	url = {https://link.aps.org/doi/10.1103/PhysRevLett.71.1291}
}

@article{kondov_15,
	title = {Disorder-Induced Localization in a Strongly Correlated Atomic Hubbard Gas},
	author = {Kondov, S. S. and McGehee, W. R. and Xu, W. and DeMarco, B.},
	journal = {Phys. Rev. Lett.},
	volume = {114},
	issue = {8},
	pages = {083002},
	numpages = {5},
	year = {2015},
	month = {Feb},
	publisher = {American Physical Society},
	doi = {10.1103/PhysRevLett.114.083002},
	url = {https://link.aps.org/doi/10.1103/PhysRevLett.114.083002}
}


@article{bordia_17,
	title = {Probing Slow Relaxation and Many-Body Localization in Two-Dimensional Quasiperiodic Systems},
	author = {Bordia, Pranjal and L\"uschen, Henrik and Scherg, Sebastian and Gopalakrishnan, Sarang and Knap, Michael and Schneider, Ulrich and Bloch, Immanuel},
	journal = {Phys. Rev. X},
	volume = {7},
	issue = {4},
	pages = {041047},
	numpages = {8},
	year = {2017},
	month = {Nov},
	publisher = {American Physical Society},
	doi = {10.1103/PhysRevX.7.041047},
	url = {https://link.aps.org/doi/10.1103/PhysRevX.7.041047}
}




@article{kucsko_16,
	title = {Critical Thermalization of a Disordered Dipolar Spin System in Diamond},
	author = {Kucsko, G. and Choi, S. and Choi, J. and Maurer, P. C. and Zhou, H. and Landig, R. and Sumiya, H. and Onoda, S. and Isoya, J. and Jelezko, F. and Demler, E. and Yao, N. Y. and Lukin, M. D.},
	journal = {Phys. Rev. Lett.},
	volume = {121},
	issue = {2},
	pages = {023601},
	numpages = {5},
	year = {2018},
	month = {Jul},
	publisher = {American Physical Society},
	doi = {10.1103/PhysRevLett.121.023601},
	url = {https://link.aps.org/doi/10.1103/PhysRevLett.121.023601}
}



@article{kramer_17,
	title={QuantumOptics. jl: A Julia framework for simulating open quantum systems},
	author={Kr{\"a}mer, Sebastian and Plankensteiner, David and Ostermann, Laurin and Ritsch, Helmut},
	journal={Computer Physics Communications},
	volume={227},
	pages={109--116},
	year={2018},
	publisher={Elsevier}
}



@article{gegg_17,
	title={PsiQuaSP--A library for efficient computation of symmetric open quantum systems},
	author={Gegg, Michael and Richter, Marten},
	journal={Scientific reports},
	volume={7},
	number={1},
	pages={16304},
	year={2017},
	publisher={Nature Publishing Group}
}



@article{zhang_17,
	title={Observation of a many-body dynamical phase transition with a 53-qubit quantum simulator},
	author={Zhang, Jiehang and Pagano, Guido and Hess, Paul W and Kyprianidis, Antonis and Becker, Patrick and Kaplan, Harvey and Gorshkov, Alexey V and Gong, Z-X and Monroe, Christopher},
	journal={Nature},
	volume={551},
	number={7682},
	pages={601},
	year={2017},
	publisher={Nature Publishing Group}
}

@article{al_17,
	title={The tensor network theory library},
	author={Al-Assam, S and Clark, SR and Jaksch, D},
	journal={J. Stat. Mech},
	pages={093102},
	year={2017},
	url={http://iopscience.iop.org/article/10.1088/1742-5468/aa7df3/pdf}
}

@article{young_17,
	title={OpenMP GNU and Intel Fortran programs for solving the time-dependent Gross--Pitaevskii equation},
	author={Young-S, Luis E and Muruganandam, Paulsamy and Adhikari, Sadhan K and Lon{\v{c}}ar, Vladimir and Vudragovi{\'c}, Du{\v{s}}an and Bala{\v{z}}, Antun},
	journal={Computer Physics Communications},
	volume={220},
	pages={503--506},
	year={2017},
	publisher={Elsevier},
	url = {http://www.sciencedirect.com/science/article/pii/S0010465517302321}
}

@article{khemani_16,
	title = {Obtaining Highly Excited Eigenstates of Many-Body Localized Hamiltonians by the Density Matrix Renormalization Group Approach},
	author = {Khemani, Vedika and Pollmann, Frank and Sondhi, S. L.},
	journal = {Phys. Rev. Lett.},
	volume = {116},
	issue = {24},
	pages = {247204},
	numpages = {5},
	year = {2016},
	month = {Jun},
	publisher = {American Physical Society},
	doi = {10.1103/PhysRevLett.116.247204},
	url = {https://link.aps.org/doi/10.1103/PhysRevLett.116.247204}
}

@article{khemani_17,
	title = {Critical Properties of the Many-Body Localization Transition},
	author = {Khemani, Vedika and Lim, S. P. and Sheng, D. N. and Huse, David A.},
	journal = {Phys. Rev. X},
	volume = {7},
	issue = {2},
	pages = {021013},
	numpages = {11},
	year = {2017},
	month = {Apr},
	publisher = {American Physical Society},
	doi = {10.1103/PhysRevX.7.021013},
	url = {https://link.aps.org/doi/10.1103/PhysRevX.7.021013}
}



@article{ponte_17,
	title={Thermal inclusions: how one spin can destroy a many-body localized phase},
	author={Ponte, Pedro and Laumann, CR and Huse, David A and Chandran, A},
	journal={Philosophical Transactions of the Royal Society A: Mathematical, Physical and Engineering Sciences},
	volume={375},
	number={2108},
	pages={20160428},
	year={2017},
	publisher={The Royal Society Publishing}
}

@article{pfeuty_79,
	title = "An exact result for the 1D random Ising model in a transverse field",
	journal = "Physics Letters A",
	volume = "72",
	number = "3",
	pages = "245 - 246",
	year = "1979",
	issn = "0375-9601",
	doi = "https://doi.org/10.1016/0375-9601(79)90017-3",
	url = "http://www.sciencedirect.com/science/article/pii/0375960179900173",
	author = "P. Pfeuty"
}


@article{carleo2019machine,
	title={Machine learning and the physical sciences},
	author={Carleo, Giuseppe and Cirac, Ignacio and Cranmer, Kyle and Daudet, Laurent and Schuld, Maria and Tishby, Naftali and Vogt-Maranto, Leslie and Zdeborov{\'a}, Lenka},
	journal={arXiv preprint arXiv:1903.10563},
	year={2019},
	url={https://arxiv.org/abs/1903.10563}
}

@article{nation2019ergodicity,
	title={Ergodicity probes: using time-fluctuations to measure the Hilbert space dimension},
	author={Nation, Charlie and Porras, Diego},
	journal={arXiv preprint arXiv:1906.06206},
	year={2019},
	url={https://arxiv.org/abs/1906.06206}
}


@article{claeys2019floquet,
	title={Floquet-engineering counterdiabatic protocols in quantum many-body systems},
	author={Claeys, Pieter W and Pandey, Mohit and Sels, Dries and Polkovnikov, Anatoli},
	journal={arXiv preprint arXiv:1904.03209},
	year={2019},
	url={https://arxiv.org/abs/1904.03209}
}

@article{duval2019quantum,
	title={Quantum kinetic perturbation theory for near-integrable spin chains with weak long-range interactions},
	author={Duval, Cl{\'e}ment and Kastner, Michael},
	journal={arXiv preprint arXiv:1903.05401},
	year={2019},
	url={https://arxiv.org/abs/1903.05401}
}

@article{zache2019dynamical,
	title = {Dynamical Topological Transitions in the Massive Schwinger Model with a $\ensuremath{\theta}$ Term},
	author = {Zache, T. V. and Mueller, N. and Schneider, J. T. and Jendrzejewski, F. and Berges, J. and Hauke, P.},
	journal = {Phys. Rev. Lett.},
	volume = {122},
	issue = {5},
	pages = {050403},
	numpages = {6},
	year = {2019},
	month = {Feb},
	publisher = {American Physical Society},
	doi = {10.1103/PhysRevLett.122.050403},
	url = {https://link.aps.org/doi/10.1103/PhysRevLett.122.050403},
}


@article{bentsen2019treelike,
	title={Treelike interactions and fast scrambling with cold atoms},
	author={Bentsen, Gregory and Hashizume, Tomohiro and Buyskikh, Anton S and Davis, Emily J and Daley, Andrew J and Gubser, Steven S and Schleier-Smith, Monika},
	journal={arXiv preprint arXiv:1905.11430},
	year={2019},
	url={https://arxiv.org/abs/1905.11430}
}


@article{yang2019quantum,
	title={Quantum Non-demolition Measurement of a Many-Body Hamiltonian},
	author={Yang, Dayou and Grankin, Andrey and Sieberer, Lukas M and Vasilyev, Denis V and Zoller, Peter},
	journal={arXiv preprint arXiv:1905.06444},
	year={2019},
	url={https://arxiv.org/abs/1905.06444}
}

@article{patil2019obstacles,
	title={Obstacles to quantum annealing in a planar embedding of XORSAT},
	author={Patil, Pranay and Kourtis, Stefanos and Chamon, Claudio and Mucciolo, Eduardo R and Ruckenstein, Andrei E},
	journal={arXiv preprint arXiv:1904.01860},
	year={2019},
	url={https://arxiv.org/abs/1904.01860}
}

@article{vogl2019flow,
	title = {Flow Equation Approach to Periodically Driven Quantum Systems},
	author = {Vogl, Michael and Laurell, Pontus and Barr, Aaron D. and Fiete, Gregory A.},
	journal = {Phys. Rev. X},
	volume = {9},
	issue = {2},
	pages = {021037},
	numpages = {25},
	year = {2019},
	month = {May},
	publisher = {American Physical Society},
	doi = {10.1103/PhysRevX.9.021037},
	url = {https://link.aps.org/doi/10.1103/PhysRevX.9.021037}
}

@article{torlai2019integrating,
	title={Integrating Neural Networks with a Quantum Simulator for State Reconstruction},
	author={Torlai, Giacomo and Timar, Brian and van Nieuwenburg, Evert PL and Levine, Harry and Omran, Ahmed and Keesling, Alexander and Bernien, Hannes and Greiner, Markus and Vuleti{\'c}, Vladan and Lukin, Mikhail D and others},
	journal={arXiv preprint arXiv:1904.08441},
	year={2019},
	url={https://arxiv.org/abs/1904.08441}
}

@article{kubiczek2019exact,
	title={Exact real-time dynamics of single-impurity Anderson model from a single-spin hybridization-expansion},
	author={Kubiczek, Patryk and Rubtsov, Alexey N and Lichtenstein, Alexander I},
	journal={arXiv preprint arXiv:1904.12582},
	year={2019},
	url={https://arxiv.org/abs/1904.12582}
}

@article{mzaouali2019long,
	title={Long range quantum coherence, quantum \& classical correlations in Heisenberg XX chain},
	author={Mzaouali, Zakaria and El Baz, Morad},
	journal={Physica A: Statistical Mechanics and its Applications},
	volume={518},
	pages={119--130},
	year={2019},
	publisher={Elsevier},
	url={https://www.sciencedirect.com/science/article/pii/S0378437118314997}
}

@article{fabiani2019investigating,
	title={Investigating ultrafast quantum magnetism with machine learning},
	author={Fabiani, G and Mentink, JH},
	journal={arXiv preprint arXiv:1903.08482},
	year={2019},
	url={https://arxiv.org/abs/1903.08482}
}